
@article{johnston2002finite,
  title={Finite difference schemes for incompressible flow based on local pressure boundary conditions},
  author={Johnston, Hans and Liu, Jian-Guo},
  journal={Journal of Computational Physics},
  volume={180},
  number={1},
  pages={120--154},
  year={2002},
  publisher={Elsevier}
}

@article{chorin1968numerical,
  title={Numerical solution of the Navier-Stokes equations},
  author={Chorin, Alexandre Joel},
  journal={Mathematics of computation},
  volume={22},
  number={104},
  pages={745--762},
  year={1968}
}
