bibtex build\%

@article{chorin1968numerical,
  title={Numerical solution of the Navier-Stokes equations},
  author={Chorin, Alexandre Joel},
  journal={Mathematics of computation},
  volume={22},
  number={104},
  pages={745--762},
  year={1968}
}

@article{chorin1969convergence,
  title={On the convergence of discrete approximations to the Navier-Stokes equations},
  author={Chorin, Alexandre Joel},
  journal={Mathematics of Computation},
  volume={23},
  number={106},
  pages={341--353},
  year={1969}
}

@book{chorin1990mathematical,
  title={A mathematical introduction to fluid mechanics},
  author={Chorin, Alexandre Joel and Marsden, Jerrold E},
  volume={3},
  year={1990},
  publisher={Springer}
}

@book{courant1966methods,
  title={Methods of mathematical physics},
  author={Courant, Richard and Hilbert, David},
  volume={1},
  year={1966},
  publisher={CUP Archive}
}

@article{brown2001accurate,
  title={Accurate projection methods for the incompressible Navier--Stokes equations},
  author={Brown, David L and Cortez, Ricardo and Minion, Michael L},
  journal={Journal of Computational Physics},
  volume={168},
  number={2},
  pages={464--499},
  year={2001},
  publisher={Elsevier}
}

@article{goda1979multistep,
  title={A multistep technique with implicit difference schemes for calculating two-or three-dimensional cavity flows},
  author={Goda, Katuhiko},
  journal={Journal of Computational Physics},
  volume={30},
  number={1},
  pages={76--95},
  year={1979},
  publisher={Elsevier}
}

@article{almgren1996numerical,
  title={A numerical method for the incompressible Navier-Stokes equations based on an approximate projection},
  author={Almgren, Ann S and Bell, John B and Szymczak, William G},
  journal={SIAM Journal on Scientific Computing},
  volume={17},
  number={2},
  pages={358--369},
  year={1996},
  publisher={SIAM}
}

@article{almgren2000approximate,
  title={Approximate projection methods: Part I. Inviscid analysis},
  author={Almgren, Ann S and Bell, John B and Crutchfield, William Y},
  journal={SIAM Journal on Scientific Computing},
  volume={22},
  number={4},
  pages={1139--1159},
  year={2000},
  publisher={SIAM}
}

@article{temam1969approximation,
  title={Sur l'approximation de la solution des {\'e}quations de Navier-Stokes par la m{\'e}thode des pas fractionnaires (II)},
  author={Temam, Roger},
  journal={Archive for Rational Mechanics and Analysis},
  volume={33},
  number={5},
  pages={377--385},
  year={1969},
  publisher={Springer}
}

@article{maria2003application,
  title={On the application of the Helmholtz--Hodge decomposition in projection methods for incompressible flows with general boundary conditions},
  author={Maria Denaro, Filippo},
  journal={International Journal for Numerical Methods in Fluids},
  volume={43},
  number={1},
  pages={43--69},
  year={2003},
  publisher={Wiley Online Library}
}

@article{johnston2002finite,
  title={Finite difference schemes for incompressible flow based on local pressure boundary conditions},
  author={Johnston, Hans and Liu, Jian-Guo},
  journal={Journal of Computational Physics},
  volume={180},
  number={1},
  pages={120--154},
  year={2002},
  publisher={Elsevier}
}

@article{harlow1965numerical,
  title={Numerical calculation of time-dependent viscous incompressible flow of fluid with free surface},
  author={Harlow, Francis H and Welch, J Eddie and others},
  journal={Physics of fluids},
  volume={8},
  number={12},
  pages={2182},
  year={1965}
}

@article{howell1997adaptive,
  title={An adaptive mesh projection method for viscous incompressible flow},
  author={Howell, Louis H and Bell, John B},
  journal={SIAM Journal on Scientific Computing},
  volume={18},
  number={4},
  pages={996--1013},
  year={1997},
  publisher={SIAM}
}

@article{bell1989second,
  title={A second-order projection method for the incompressible Navier-Stokes equations},
  author={Bell, John B and Colella, Phillip and Glaz, Harland M},
  journal={Journal of Computational Physics},
  volume={85},
  number={2},
  pages={257--283},
  year={1989},
  publisher={Elsevier}
}

@article{van1986second,
  title={A second-order accurate pressure-correction scheme for viscous incompressible flow},
  author={Van Kan, JJIM},
  journal={SIAM Journal on Scientific and Statistical Computing},
  volume={7},
  number={3},
  pages={870--891},
  year={1986},
  publisher={SIAM}
}

@article{kim1985application,
  title={Application of a fractional-step method to incompressible Navier-Stokes equations},
  author={Kim, John and Moin, Parviz},
  journal={Journal of computational physics},
  volume={59},
  number={2},
  pages={308--323},
  year={1985},
  publisher={Elsevier}
}

@article{shen1992error,
  title={On error estimates of projection methods for Navier-Stokes equations: first-order schemes},
  author={Shen, Jie},
  journal={SIAM Journal on Numerical Analysis},
  volume={29},
  number={1},
  pages={57--77},
  year={1992},
  publisher={SIAM}
}

@article{fujita1964navier,
  title={On the Navier-Stokes initial value problem. I},
  author={Fujita, Hiroshi and Kato, Tosio},
  journal={Archive for rational mechanics and analysis},
  volume={16},
  number={4},
  pages={269--315},
  year={1964},
  publisher={Springer}
}

@article{lal1993projection,
  title={A Projection Method for Reacting Flow in the Zero Mach Number Limit},
  author={Lal, Mindy Fruchtman and Lai, Mindy Frucbtman and Fruchtman, Mindy and others},
  year={1993},
  publisher={Citeseer}
}

@article{minion1996projection,
  title={A projection method for locally refined grids},
  author={Minion, Michael L},
  journal={Journal of Computational Physics},
  volume={127},
  number={1},
  pages={158--178},
  year={1996},
  publisher={Elsevier}
}

@book{rannacher1992chorin,
  title={On Chorin's projection method for the incompressible Navier-Stokes equations},
  author={Rannacher, Rolf},
  year={1992},
  publisher={Springer}
}

@book{temam1995navier,
  title={Navier-Stokes equations and nonlinear functional analysis},
  author={Temam, Roger},
  volume={66},
  year={1995},
  publisher={Siam}
}

@article{temam1991remark,
  title={Remark on the pressure boundary condition for the projection method},
  author={Temam, R},
  journal={Theoretical and Computational Fluid Dynamics},
  volume={3},
  number={3},
  pages={181--184},
  year={1991},
  publisher={Springer}
}

@article{liu1996projection,
  title={Projection method ii: Godunov-ryabenki analysis},
  author={Liu, Jian-Guo},
  journal={SIAM journal on numerical analysis},
  volume={33},
  number={4},
  pages={1597--1621},
  year={1996},
  publisher={SIAM}
}

@article{liu1995projection,
  title={Projection method I: convergence and numerical boundary layers},
  author={Liu, Jian-Guo},
  journal={SIAM journal on numerical analysis},
  volume={32},
  number={4},
  pages={1017--1057},
  year={1995},
  publisher={SIAM}
}

@article{shen1996error,
  title={On error estimates of the projection methods for the Navier-Stokes equations: second-order schemes},
  author={Shen, Jie},
  journal={Mathematics of Computation of the American Mathematical Society},
  volume={65},
  number={215},
  pages={1039--1065},
  year={1996}
}

@book{cuvelier1986finite,
  title={Finite element methods and Navier-Stokes equations},
  author={Cuvelier, Cornelis and Segal, August and Van Steenhoven, Anton A},
  volume={22},
  year={1986},
  publisher={Springer}
}

@article{perot1993analysis,
  title={An analysis of the fractional step method},
  author={Perot, J Blair},
  journal={Journal of Computational Physics},
  volume={108},
  number={1},
  pages={51--58},
  year={1993},
  publisher={Elsevier}
}

@article{pyo2005normal,
  title={Normal mode analysis of second-order projection methods for incompressible flows},
  author={Pyo, Jae-Hong and Shen, Jie},
  journal={DISCRETE AND CONTINUOUS DYNAMICAL SYSTEMS SERIES B},
  volume={5},
  number={3},
  pages={817},
  year={2005},
  publisher={AIMS PRESS}
}

@article{guermond2004error,
  title={On the error estimates for the rotational pressure-correction projection methods},
  author={Guermond, J and Shen, Jie},
  journal={Mathematics of Computation},
  volume={73},
  number={248},
  pages={1719--1737},
  year={2004}
}

@article{guermond2006overview,
  title={An overview of projection methods for incompressible flows},
  author={Guermond, JL and Minev, Peter and Shen, Jie},
  journal={Computer methods in applied mechanics and engineering},
  volume={195},
  number={44},
  pages={6011--6045},
  year={2006},
  publisher={Elsevier}
}

@article{strikwerda1999accuracy,
  title={The accuracy of the fractional step method},
  author={Strikwerda, John C and Lee, Young S},
  journal={SIAM Journal on numerical analysis},
  volume={37},
  number={1},
  pages={37--47},
  year={1999},
  publisher={SIAM}
}

@article{botella1998benchmark,
  title={Benchmark spectral results on the lid-driven cavity flow},
  author={Botella, O and Peyret, R},
  journal={Computers \& Fluids},
  volume={27},
  number={4},
  pages={421--433},
  year={1998},
  publisher={Elsevier}
}

@article{weinan2003gauge,
  title={Gauge method for viscous incompressible flows},
  author={Weinan, E and Liu, Jian-Guo and others},
  journal={Communications in Mathematical Sciences},
  volume={1},
  number={2},
  pages={317--332},
  year={2003},
  publisher={International Press of Boston}
}

@article{wong2006consistent,
  title={A consistent splitting scheme for unsteady incompressible viscous flows I. Dirichlet boundary condition and applications},
  author={Wong, JC-F and Chan, MK-H},
  journal={International journal for numerical methods in fluids},
  volume={51},
  number={4},
  pages={385--424},
  year={2006},
  publisher={Wiley Online Library}
}

@article{armfield2000fractional,
  title={Fractional step methods for the Navier-Stokes equations on non-staggered grids},
  author={Armfield, SW and Street, R},
  journal={ANZIAM Journal},
  volume={42},
  pages={C134--C156},
  year={2000}
}

@article{darrigol2002between,
  title={Between hydrodynamics and elasticity theory: the first five births of the Navier-Stokes equation},
  author={Darrigol, Olivier},
  journal={Archive for history of exact sciences},
  volume={56},
  number={2},
  pages={95--150},
  year={2002},
  publisher={Springer}
}

@book{arfken2005mathematical,
  title={Mathematical Methods For Physicists International Student Edition},
  author={Arfken, George B and Weber, Hans J},
  year={2005},
  publisher={Academic press}
}

@article{gear1971simultaneous,
  title={Simultaneous numerical solution of differential-algebraic equations},
  author={Gear, C},
  journal={Circuit Theory, IEEE Transactions on},
  volume={18},
  number={1},
  pages={89--95},
  year={1971},
  publisher={IEEE}
}

@article{erturk2005numerical,
  title={Numerical solutions of 2-D steady incompressible driven cavity flow at high Reynolds numbers},
  author={Erturk, Ercan and Corke, Thomas C and G{\"o}k{\c{c}}{\"o}l, Cihan},
  journal={International Journal for Numerical Methods in Fluids},
  volume={48},
  number={7},
  pages={747--774},
  year={2005},
  publisher={Wiley Online Library}
}

@article{bruneau20062d,
  title={The 2D lid-driven cavity problem revisited},
  author={Bruneau, Charles-Henri and Saad, Mazen},
  journal={Computers \& Fluids},
  volume={35},
  number={3},
  pages={326--348},
  year={2006},
  publisher={Elsevier}
}

@Unpublished{sayenavierstokesmodule,
author = {Robert Saye},
title = {A Navier Stokes Teaching Module},
note = {•},
OPTkey = {•},
OPTmonth = {•},
OPTyear = {2006},
OPTannote = {•}
}